<?xml version="1.0" encoding="utf-8"?>
<record xmlns="http://www.loc.gov/MARC21/slim" xmlns:xsi="http://www.w3.org/2001/XMLSchema-instance" xsi:schemaLocation="http://www.loc.gov/MARC21/slim http://www.loc.gov/standards/marcxml/schema/MARC21slim.xsd">
	<leader>     nam a22        4500</leader>
	<controlfield tag="001">001677423</controlfield>
	<controlfield tag="003">NNU</controlfield>
	<controlfield tag="006">m        d        </controlfield>
	<controlfield tag="007">cr cn |||m|||a</controlfield>
	<controlfield tag="008">150622s193u    ua      o     000 0 ararc</controlfield>
	<datafield ind1=" " ind2=" " tag="040">
		<subfield code="a">NNU</subfield>
		<subfield code="b">eng</subfield>
		<subfield code="e">rda</subfield>
		<subfield code="c">NNU</subfield>
	</datafield>
	<datafield ind1=" " ind2="4" tag="050">
		<subfield code="a">KBP310.I285</subfield>
		<subfield code="b">A36 1930z</subfield>
	</datafield>
	<datafield ind1="1" ind2=" " tag="100">
		<subfield code="6">880-01</subfield>
		<subfield code="a">Ibn Qudāmah, Muwaffaq al-Dīn ʻAbd Allāh ibn Aḥmad,</subfield>
		<subfield code="d">1147-1223.</subfield>
	</datafield>
	<datafield ind1="1" ind2="3" tag="245">
		<subfield code="6">880-02</subfield>
		<subfield code="a">al-Muqniʻ fī fiqh imām al-Sunnah Aḥmad ibn Ḥanbal al-Shaybānī /</subfield>
		<subfield code="c">taʼlīf Muwaffaq al-Dīn ʻAbd Allāh ibn Aḥmad Ibn Qudāmah al-Maqdisī.</subfield>
	</datafield>
	<datafield ind1=" " ind2=" " tag="260">
		<subfield code="6">880-03</subfield>
		<subfield code="a">[al-Qāhirah] :</subfield>
		<subfield code="b">al-Maṭbaʻah al-Salafīyah wa-Maktabatuhā,</subfield>
		<subfield code="c">[193-?]</subfield>
	</datafield>
	<datafield ind1=" " ind2=" " tag="300">
		<subfield code="a">online resource (366 pages)</subfield>
	</datafield>
	<datafield ind1=" " ind2=" " tag="336">
		<subfield code="a">text</subfield>
		<subfield code="2">rdacontent</subfield>
	</datafield>
	<datafield ind1=" " ind2=" " tag="337">
		<subfield code="a">computer</subfield>
		<subfield code="2">rdamedia</subfield>
	</datafield>
	<datafield ind1=" " ind2=" " tag="338">
		<subfield code="a">online resource</subfield>
		<subfield code="2">rdacarrier</subfield>
	</datafield>
	<datafield ind1=" " ind2=" " tag="500">
		<subfield code="6">880-04</subfield>
		<subfield code="a">Istidrāk: Iʻtamadnā fī ṭabʻ matn al-muqnaʻ ʻalá ṭabʻat al-manār sanat 1323 ...p.359</subfield>
	</datafield>
	<datafield ind1=" " ind2=" " tag="500">
		<subfield code="a">Part of the Arabic Collections Online (ACO) project, contributed by New York Univeristy Libraries.</subfield>
	</datafield>
	<datafield ind1=" " ind2=" " tag="533">
		<subfield code="a">Electronic reproduction.</subfield>
		<subfield code="b">New York, N.Y. :</subfield>
		<subfield code="c">New York University,</subfield>
		<subfield code="d">2015.</subfield>
		<subfield code="5">NNU</subfield>
	</datafield>
	<datafield ind1=" " ind2="0" tag="650">
		<subfield code="a">Islamic law</subfield>
		<subfield code="v">Early works to 1800.</subfield>
	</datafield>
	<datafield ind1=" " ind2="0" tag="650">
		<subfield code="a">Hanbalites</subfield>
		<subfield code="v">Early works to 1800.</subfield>
	</datafield>
	<datafield ind1=" " ind2="7" tag="650">
		<subfield code="a">Hanbalites.</subfield>
		<subfield code="2">fast</subfield>
		<subfield code="0">(OCoLC)fst00950821</subfield>
	</datafield>
	<datafield ind1=" " ind2="7" tag="650">
		<subfield code="a">Islamic law.</subfield>
		<subfield code="2">fast</subfield>
		<subfield code="0">(OCoLC)fst00979949</subfield>
	</datafield>
	<datafield ind1=" " ind2="7" tag="655">
		<subfield code="a">Early works.</subfield>
		<subfield code="2">fast</subfield>
		<subfield code="0">(OCoLC)fst01411636</subfield>
	</datafield>
	<datafield ind1="2" ind2=" " tag="710">
		<subfield code="a">New York University.</subfield>
		<subfield code="b">Libraries.</subfield>
	</datafield>
	<datafield ind1="0" ind2=" " tag="730">
		<subfield code="a">Arabic Collections Online.</subfield>
	</datafield>
	<datafield ind1="0" ind2="8" tag="776">
		<subfield code="i">Online version:</subfield>
		<subfield code="a">Ibn Qudāmah, Muwaffaq al-Dīn ʻAbd Allāh ibn Aḥmad, 1147-1223.</subfield>
		<subfield code="t">Muqniʻ fī fiqh imām al-Sunnah Aḥmad ibn Ḥanbal al-Shaybānī.</subfield>
		<subfield code="d">[al-Qāhirah] : al-Maṭbaʻah al-Salafīyah wa-Maktabatuhā, [193-?]</subfield>
		<subfield code="w">(OCoLC)770791723</subfield>
	</datafield>
	<datafield ind1="0" ind2="8" tag="776">
		<subfield code="i">Print version:</subfield>
		<subfield code="a">Ibn Qudāmah, Muwaffaq al-Dīn ʻAbd Allāh ibn Aḥmad, 1147-1223.</subfield>
		<subfield code="t">al-Muqniʻ fī fiqh imām al-Sunnah Aḥmad ibn Ḥanbal al-Shaybānī</subfield>
		<subfield code="w">(NNU)001677423</subfield>
		<subfield code="w">(DLC)   71218378</subfield>
	</datafield>
	<datafield ind1="4" ind2="0" tag="856">
		<subfield code="u">http://hdl.handle.net/2333.1/m905qjch</subfield>
	</datafield>
	<datafield ind1="1" ind2=" " tag="880">
		<subfield code="6">100-01/</subfield>
		<subfield code="a">ابن قدامة، موفق الدين عبد الله بن محمد،</subfield>
		<subfield code="d">1147-1223.</subfield>
	</datafield>
	<datafield ind1="1" ind2="2" tag="880">
		<subfield code="6">245-02/</subfield>
		<subfield code="a">المقنع في فقه امام السنة احمد بن حنبل الشيباني /</subfield>
		<subfield code="c">تأليف موفق الدين عبد الله بن احمد ابن قدامة المقدسي.</subfield>
	</datafield>
	<datafield ind1=" " ind2=" " tag="880">
		<subfield code="6">260-03/</subfield>
		<subfield code="a">[القاهرة] :</subfield>
		<subfield code="b">المطبعة السلفية ومكتبتها،</subfield>
		<subfield code="c">[193-?]</subfield>
	</datafield>
	<datafield ind1=" " ind2=" " tag="880">
		<subfield code="6">500-04/</subfield>
		<subfield code="a">&quot;استدراك: أعتمدنا فى طبع متن المقنع على طبعة المنار سنة ١٣٢٣ ... &quot;p.359--</subfield>
	</datafield>
	<datafield ind1=" " ind2=" " tag="959">
		<subfield code="a">NNU</subfield>
		<subfield code="b">WEB</subfield>
		<subfield code="c">GENI</subfield>
		<subfield code="t">0</subfield>
		<subfield code="m">Electronic access</subfield>
		<subfield code="s">01</subfield>
	</datafield>
	<datafield ind1=" " ind2=" " tag="999">
		<subfield code="i">NNU_001677423</subfield>
		<subfield code="s">nyu_aco000749</subfield>
	</datafield>
</record>
